<record><leader>00000cas a22000007a 4500</leader><controlfield tag="001">15122913</controlfield><controlfield tag="008">870128u1980uuuutxuwr ne      0    0spa d</controlfield><datafield ind1=" " ind2=" " tag="010"><subfield code="a">sn 86090616 </subfield></datafield><datafield ind1=" " ind2=" " tag="040"><subfield code="a">PPM</subfield><subfield code="b">eng</subfield><subfield code="c">PPM</subfield><subfield code="d">OCL</subfield><subfield code="d">OCLCQ</subfield></datafield><datafield ind1="1" ind2=" " tag="041"><subfield code="a">spa</subfield><subfield code="h">eng</subfield></datafield><datafield ind1=" " ind2=" " tag="042"><subfield code="a">msc</subfield></datafield><datafield ind1="0" ind2="3" tag="245"><subfield code="a">El Reportero Chicano.</subfield></datafield><datafield ind1=" " ind2=" " tag="260"><subfield code="a">Odessa, Tex. :</subfield><subfield code="b">[s.n.]</subfield></datafield><datafield ind1=" " ind2=" " tag="310"><subfield code="a">Weekly</subfield></datafield><datafield ind1="1" ind2=" " tag="362"><subfield code="a">Began in 1980?</subfield></datafield><datafield ind1=" " ind2=" " tag="546"><subfield code="a">In Spanish and English.</subfield></datafield><datafield ind1=" " ind2=" " tag="588"><subfield code="a">Description based on: Vol. 1, no. 21 (Sept. 11, 1980).</subfield></datafield><datafield ind1=" " ind2=" " tag="752"><subfield code="a">United States</subfield><subfield code="b">Texas</subfield><subfield code="c">Ector</subfield><subfield code="d">Odessa.</subfield></datafield><datafield ind1=" " ind2=" " tag="752"><subfield code="a">United States</subfield><subfield code="b">Texas</subfield><subfield code="c">Midland</subfield><subfield code="d">Midland.</subfield></datafield></record>